@article{EID:2012,
author = {Ladislav Kavan and Olga Sorkine},
title = {Elasticity-Inspired Deformers for Character Articulation},
journal = {ACM Transactions on Graphics (proceedings of ACM SIGGRAPH ASIA)},
volume = {31},
number = {6},
year = {2012},
pages = {196:1--196:8},
}

@inproceedings{ARAP:2007,
 author = {Sorkine, Olga and Alexa, Marc},
 title = {As-rigid-as-possible surface modeling},
 booktitle = {Proceedings of the fifth Eurographics symposium on Geometry processing},
 series = {SGP '07},
 year = {2007},
 isbn = {978-3-905673-46-3},
 location = {Barcelona, Spain},
 pages = {109--116},
 numpages = {8},
 url = {http://dl.acm.org/citation.cfm?id=1281991.1282006},
 acmid = {1282006},
 publisher = {Eurographics Association},
 address = {Aire-la-Ville, Switzerland, Switzerland},
} 