@inproceedings{Wimmer:2006,
 author = {Wimmer, Michael and Scheiblauer, Claus},
 title = {Instant Points: Fast Rendering of Unprocessed Point Clouds},
 booktitle = {Proceedings of the 3rd Eurographics / IEEE VGTC Conference on Point-Based Graphics},
 series = {SPBG'06},
 year = {2006},
 isbn = {3-905673-32-0},
 location = {Boston, Massachusetts},
 pages = {129--137},
 numpages = {9},
 url = {http://dx.doi.org/10.2312/SPBG/SPBG06/129-136},
 doi = {10.2312/SPBG/SPBG06/129-136},
 acmid = {2386406},
 publisher = {Eurographics Association},
 address = {Aire-la-Ville, Switzerland, Switzerland},
} 

@inproceedings{Pfister:2000,
 author = {Pfister, Hanspeter and Zwicker, Matthias and van Baar, Jeroen and Gross, Markus},
 title = {Surfels: Surface Elements As Rendering Primitives},
 booktitle = {Proceedings of the 27th Annual Conference on Computer Graphics and Interactive Techniques},
 series = {SIGGRAPH '00},
 year = {2000},
 isbn = {1-58113-208-5},
 pages = {335--342},
 numpages = {8},
 url = {http://dx.doi.org/10.1145/344779.344936},
 doi = {10.1145/344779.344936},
 acmid = {344936},
 publisher = {ACM Press/Addison-Wesley Publishing Co.},
 address = {New York, NY, USA},
 keywords = {rendering systems, texture mapping},
} 

@ONLINE{Bentley:2009:Online,
title = {Making Point Clouds a Fundamental Data Type In Bentley Software},
month = nov,
year = {2013},
howpublished = "\url{http://www.bentley.com/en-US/Promo/Point+Clouds/}",
}

@ONLINE{HiDOF:2013:Online,
title = {hiDOF Large PointClouds},
month = nov,
year = {2013},
howpublished = "\url{http://hidof.com/project/large-pointclouds/}",
}

@MISC{Botsch_interactiveediting,
    author = {M. Botsch and R. Pajarola (editors and A. Berner and M. Bokeloh and A. Fleck and M. Hoffmann and P. Jenke and B. Maier and D. Staneker and A. Schilling},
    title = {Interactive Editing of Large Point Clouds},
    year = {2007}
    url = {www.mpi-inf.mpg.de/~mwand/papers/pbg07.pdf},
}
